<?xml version="1.0" encoding="UTF-8"?><collection xmlns="http://www.loc.gov/MARC21/slim"><record><leader>00638nam--2200193-u-4500</leader><controlfield tag="001">000052832</controlfield><controlfield tag="002">20161230</controlfield><controlfield tag="005">20161230201050</controlfield><controlfield tag="008">101122s1000------------r-----000-0-rum-d</controlfield><datafield ind1=" " ind2=" " tag="040"><subfield code="a">IFIN-HH</subfield></datafield><datafield ind1="0" ind2=" " tag="041"><subfield code="a">rum</subfield></datafield><datafield ind1=" " ind2=" " tag="080"><subfield code="a">539.14</subfield></datafield><datafield ind1="1" ind2=" " tag="100"><subfield code="a">Suliman, Gabriel</subfield></datafield><datafield ind1="1" ind2="0" tag="245"><subfield code="a">Contributii la dezvoltarea unor noi metode de detectie a radiatiillor gama si strudiul structurii unor izotopi tranzitionali ai bariului prin reactii directe de transfer</subfield><subfield code="b">Teza</subfield><subfield code="c">Gabriel suliman</subfield></datafield><datafield ind1=" " ind2=" " tag="260"><subfield code="a">Bucuresti</subfield><subfield code="b">Ifa</subfield><subfield code="c">2009</subfield></datafield><datafield ind1=" " ind2=" " tag="300"><subfield code="a">126 P</subfield></datafield><datafield ind1=" " ind2=" " tag="502"><subfield code="a">Conducator Sttintific: Dr. M. Ivascu</subfield></datafield><datafield ind1=" " ind2=" " tag="852"><subfield code="a">82287</subfield><subfield code="c">539.14</subfield></datafield><datafield ind1=" " ind2=" " tag="CAT"><subfield code="a">Sys</subfield><subfield code="c">20110211</subfield><subfield code="h">111551</subfield></datafield></record></collection>